@inproceedings{
Baker2020Emergent,
title={Emergent Tool Use From Multi-Agent Autocurricula},
author={Bowen Baker and Ingmar Kanitscheider and Todor Markov and Yi Wu and Glenn Powell and Bob McGrew and Igor Mordatch},
booktitle={International Conference on Learning Representations},
year={2020},
url={https://openreview.net/forum?id=SkxpxJBKwS}
}\cmg{cite OpenAI hide and seek}

@misc{silver2017mastering,
    title={Mastering Chess and Shogi by Self-Play with a General Reinforcement Learning Algorithm},
    author={David Silver and Thomas Hubert and Julian Schrittwieser and Ioannis Antonoglou and Matthew Lai and Arthur Guez and Marc Lanctot and Laurent Sifre and Dharshan Kumaran and Thore Graepel and Timothy Lillicrap and Karen Simonyan and Demis Hassabis},
    year={2017},
    eprint={1712.01815},
    archivePrefix={arXiv},
    primaryClass={cs.AI}
}

@article{schrittwiser2020mastering,
   title={Mastering Atari, Go, chess and shogi by planning with a learned model},
   volume={588},
   ISSN={1476-4687},
   url={http://dx.doi.org/10.1038/s41586-020-03051-4},
   DOI={10.1038/s41586-020-03051-4},
   number={7839},
   journal={Nature},
   publisher={Springer Science and Business Media LLC},
   author={Schrittwieser, Julian and Antonoglou, Ioannis and Hubert, Thomas and Simonyan, Karen and Sifre, Laurent and Schmitt, Simon and Guez, Arthur and Lockhart, Edward and Hassabis, Demis and Graepel, Thore and Lillicrap, Timothy and Silver, David},
   year={2020},
   month={Dec},
   pages={604â€“609} }

@misc{brown2020language,
    title={Language Models are Few-Shot Learners},
    author={Tom B. Brown and Benjamin Mann and Nick Ryder and Melanie Subbiah and Jared Kaplan and Prafulla Dhariwal and Arvind Neelakantan and Pranav Shyam and Girish Sastry and Amanda Askell and Sandhini Agarwal and Ariel Herbert-Voss and Gretchen Krueger and Tom Henighan and Rewon Child and Aditya Ramesh and Daniel M. Ziegler and Jeffrey Wu and Clemens Winter and Christopher Hesse and Mark Chen and Eric Sigler and Mateusz Litwin and Scott Gray and Benjamin Chess and Jack Clark and Christopher Berner and Sam McCandlish and Alec Radford and Ilya Sutskever and Dario Amodei},
    year={2020},
    eprint={2005.14165},
    archivePrefix={arXiv},
    primaryClass={cs.CL}
}

@inproceedings{
wang2018glue,
title={{GLUE}: A Multi-Task Benchmark and Analysis Platform for Natural Language Understanding},
author={Alex Wang and Amanpreet Singh and Julian Michael and Felix Hill and Omer Levy and Samuel R. Bowman},
booktitle={International Conference on Learning Representations},
year={2019},
url={https://openreview.net/forum?id=rJ4km2R5t7},
}

@book{wals,
  address   = {Leipzig},
  editor    = {Matthew S. Dryer and Martin Haspelmath},
  publisher = {Max Planck Institute for Evolutionary Anthropology},
  title     = {WALS Online},
  url       = {https://wals.info/},
  year      = {2013}
}
